%% This BibTeX bibliography file was created using BibDesk.
%% http://bibdesk.sourceforge.net/


%% Created for Dave Kotfis at 2014-11-16 21:49:10 -0500 


%% Saved with string encoding Unicode (UTF-8) 



@article{Hauskneck13,
	Author = {M. Hausknecht and J. Lehman and R. Miikkulainen and P. Stone},
	Date-Added = {2014-11-17 02:47:47 +0000},
	Date-Modified = {2014-11-17 02:49:01 +0000},
	Journal = {IEEE Transactions on Computational Intelligence and AI in Games},
	Title = {A neuroevolution approach to general atari game playing.},
	Year = {2013}}

@article{Mnih13,
	Author = {Volodymyr Mnih and Koray Kavukcuoglu and David Silver and Alex Graves and Ioannis Antonoglou and Daan Wierstra and Martin Riedmiller},
	Date-Added = {2014-11-17 00:07:51 +0000},
	Date-Modified = {2014-11-17 00:13:37 +0000},
	Journal = {NIPS Workshop on Deep Learning and Unsupervised Feature Learning},
	Title = {Playing Atari with Deep Reinforcement Learning},
	Year = {2013}}

@article{Togelius10,
	Author = {J. Togelius and S. Karakovskiy and R. Baumgarten},
	Date-Added = {2014-11-17 00:05:16 +0000},
	Date-Modified = {2014-11-17 00:06:39 +0000},
	Journal = {Evolutionary Computation (CEC), 2010 IEEE Congress on.},
	Pages = {1-8},
	Title = {The 2009 Mario AI Competition},
	Year = {2010}}

@article{Tanner09,
	Author = {Brian Tanner and Adam White},
	Date-Added = {2014-11-16 23:58:59 +0000},
	Date-Modified = {2014-11-17 00:01:20 +0000},
	Journal = {Journal of Machine Learning Research},
	Pages = {2133-2136},
	Title = {RL-Glue: Language-Independent Software for Reinforcement-Learning Experiments},
	Volume = {10},
	Year = {2009}}

@article{bellemare13,
	Author = {Marc G Bellemare and Yavar Naddaf and Joel Veness and Michael Bowling},
	Date-Added = {2014-11-16 23:47:22 +0000},
	Date-Modified = {2014-11-16 23:52:43 +0000},
	Journal = {Journal of Artificial Intelligence Research},
	Pages = {253-279},
	Title = {The Arcade Learning Environment: An Evaluation Platform for General Agents},
	Volume = {47},
	Year = {2013}}
